@MastersThesis{Bersha,
author = {Bersha, K. S.},
title = {Spectral Imaging And Analysis Of Human Skin},
school = {University of Eastern England},
year = {2010},
OPTmonth = {june}
}

@MastersThesis{Perez-Gallardo,
author = {P\'{e}rez-Gallardo, A. D.},
title = {Estudio de la Reflexi\'{o}n \'{O}ptica Difusa en Tejido Biol\'{o}gico},
school = {Escuela Superior de Ingenier\'{i}a Mec\'{a}nica y El\'{e}ctrica Unidad Zacatenco},
year = {2012},
OPTmonth = {december}
}

@Manual{HunterLab-manual1,
title = {Universal Software Versions 4.10 and Above User's Manual},
organization = {Hunter Associates Laboratory},
year = {2001}
}

@Manual{HunterLab-manual2,
title = {MiniScan XE Plus User's Guide Version 2.4},
organization = {Hunter Associates Laboratory},
year = {2006}
}

@article{Baskerville,
 author = {Baskerville, Richard L.},
 title = {Investigating Information Systems with Action Research},
 year = {1999},
 OPTmonth = {nov}, 
 publisher = {Association for Information Systems},
 address = {Atlanta, GA, USA}
}

@book{Beck&Andres,
  author = {Beck, K. and Andres, C.},
  title = {Extreme Programming Explained: Embrace Change},
  year = {2004},
  publisher = {Pearson Education}
}

@book{Pressman,
  author = {Pressman, R.},
  title = {Ingenier\'{i}a del Software, un enfoque pr\'{a}ctico},
  year = {2002},
  publisher = {McGraw Hill},
  OPTedition = {5}
}

@book{Sommerville,
  author = {Sommerville, I.},
  title = {Ingenier\'{i}a del Software},
  year = {2005},
  publisher = {Pearson Education},
  OPTedition = {7}
}

@Manual{Schwaber&Sutherland,
	title = {Scrum guide},
	author = {Schwaber, K. and Sutherland, J.},
	year = {2013},
	OPTmonth = {july}
}